<record xmlns="http://www.openarchives.org/OAI/2.0/" xmlns:xsi="http://www.w3.org/2001/XMLSchema-instance"><header><identifier>oai:alma.34CSIC_INST:990012277090204201</identifier><datestamp>2020-02-06T08:41:03Z</datestamp><setSpec>manuscripta</setSpec></header><metadata><record xmlns="http://www.loc.gov/MARC21/slim" xmlns:xsi="http://www.w3.org/2001/XMLSchema-instance" xsi:schemaLocation="http://www.loc.gov/MARC21/slim http://www.loc.gov/standards/marcxml/schema/MARC21slim.xsd"><leader>16499ntm a2200889 i 4500</leader><controlfield tag="005">20181031100349.0</controlfield><controlfield tag="008">100406q        sp            000 0 ara d</controlfield><controlfield tag="001">990012277090204201</controlfield><datafield tag="035" ind1=" " ind2=" "><subfield code="a">CSIC001227709</subfield></datafield><datafield tag="035" ind1=" " ind2=" "><subfield code="a">(ES-MaCSI)001227709MAD01-Aleph</subfield></datafield><datafield tag="035" ind1=" " ind2=" "><subfield code="a">(OCoLC)1123882843
</subfield></datafield><datafield tag="040" ind1=" " ind2=" "><subfield code="a">ES-MaCSI</subfield><subfield code="b">spa</subfield></datafield><datafield tag="080" ind1=" " ind2=" "><subfield code="a">091(=411.21)</subfield></datafield><datafield tag="080" ind1=" " ind2=" "><subfield code="a">28</subfield></datafield><datafield tag="080" ind1=" " ind2=" "><subfield code="a">398.91=411.21</subfield></datafield><datafield tag="245" ind1="1" ind2="0"><subfield code="a">[Miscelánea]</subfield><subfield code="h">[Manuscrito]</subfield></datafield><datafield tag="260" ind1=" " ind2=" "><subfield code="a">[S.l.],</subfield><subfield code="c">[año 911].</subfield></datafield><datafield tag="300" ind1=" " ind2=" "><subfield code="a">ff. :</subfield><subfield code="b">Papel tratado ;</subfield><subfield code="c">[14,1x10 cm.].</subfield></datafield><datafield tag="490" ind1="0" ind2=" "><subfield code="a">Manuscripta</subfield></datafield><datafield tag="500" ind1=" " ind2=" "><subfield code="a">Tinta negra</subfield></datafield><datafield tag="500" ind1=" " ind2=" "><subfield code="a">Reclamos: No.</subfield></datafield><datafield tag="500" ind1=" " ind2=" "><subfield code="a">Signatura de cuaderno: No.</subfield></datafield><datafield tag="500" ind1=" " ind2=" "><subfield code="a">H. en blanco: No.</subfield></datafield><datafield tag="500" ind1=" " ind2=" "><subfield code="a">Ilustración: No.</subfield></datafield><datafield tag="500" ind1=" " ind2=" "><subfield code="a">Ilustraciones: No.</subfield></datafield><datafield tag="501" ind1=" " ind2=" "><subfield code="a">Signatura antigua: Junta 54</subfield></datafield><datafield tag="500" ind1=" " ind2=" "><subfield code="a">Contiene tres tratados</subfield></datafield><datafield tag="501" ind1=" " ind2=" "><subfield code="a">[Tratado 1]:</subfield></datafield><datafield tag="501" ind1=" " ind2=" "><subfield code="a">Título: [Misceláneo de religión] / [sin aut.]. -- [S.l., 911 [911/1505-1506]]. -- 9 de 81 ff. (1 col. 15 líneas por pág.), 14,1x10 cm. (caja 11,6x8 cm.).</subfield></datafield><datafield tag="501" ind1=" " ind2=" "><subfield code="a">[cont. Tratado 1]:</subfield></datafield><datafield tag="501" ind1=" " ind2=" "><subfield code="a">Incipit: وَ يَحِبُ السّمَاحَة وَلَوْ علَى تَمْرَاتٍ ويحِبُ الشجَاعَةَ وَ لَوْ عَلَى قَتْلِ حَيّةٍ اِنّ الله يُحِبَّ</subfield></datafield><datafield tag="501" ind1=" " ind2=" "><subfield code="a">Explicit: دَعْوَتِي اللّهُمَّ اِنِي أَسئَلُك عِيشَةً سَوِيةً ومَيتَةً تَقِيَّةً وَمَرَدًا غَيْرَ مُخْذٍ ولاَ فَاضِحٍ.</subfield></datafield><datafield tag="501" ind1=" " ind2=" "><subfield code="a">[cont. Tratado 1]:</subfield></datafield><datafield tag="501" ind1=" " ind2=" "><subfield code="a">Copista: 1 copista desconocido.</subfield></datafield><datafield tag="501" ind1=" " ind2=" "><subfield code="a">Colofón: تمت بحمد الله وحسن عونه والصلاة على محمد واله كان الفراغ منه يوم الثلاثة لسبعة ايام من شهر فبرير موافقا لشهر ذو القعدة في العشر الاوسط منه عام احدا عشر وتسعماية.</subfield></datafield><datafield tag="501" ind1=" " ind2=" "><subfield code="a">[cont. Tratado 1]:</subfield></datafield><datafield tag="501" ind1=" " ind2=" "><subfield code="a">Características especiales: Obra acéfala de la que sólo se conservan 8 ff. -- Tipo de cuaderno: 1 cuaderno de 6 bifolios al que le faltan 2. -- Deterioros generales: Piel de la encuadernación comida por bichos. Mancha de humedad en todo el volumen. -- H. dañadas, mutiladas, sueltas: Dañadas: todas. Mutilada: 9. -- H. faltan o añadidas: Falta la mayor parte de la obra. -- Foliación: 1-8, a lápiz en el margen superior derecho del verso. -- Pautado: No se aprecia. Distancia interlineal: 0,8-0,9 cm. -- Filigrana: ff. 4y 5: mano con flor, similar a Briquet, nº10722. -- Signatura antigua: Junta 54. -- Anotaciones: No.</subfield></datafield><datafield tag="501" ind1=" " ind2=" "><subfield code="a">[Tratado 2]:</subfield></datafield><datafield tag="501" ind1=" " ind2=" "><subfield code="a">Título: Kitāb al-naŷm min kalām sayyid al-ʽarab wa-l-ʽaŷm. كتاب النجم من كلام سيد العرب واالعجم / ابو العباس محمد بن معد بن عيسى بن وكيل النجيبي ثم الاقاشي. Abū al- ʽAbbas Muḥammad b. Maʽad b.ʽAysà b. Wakīl al-Naŷibī zumma al-Uq āšī. [Abūʼl-ʽAbbās (a. Gaʽfar) A. Ma ʽadd b. ʽĪsà b. Wakīl al-Tugībī al-Uqlīšī]. -- [S.l., s.a.]. -- 34 de 81 ff. (1 col. 15 líneas por pág.), 14,1x10 cm. (caja 11,1x7,8 cm.).</subfield></datafield><datafield tag="501" ind1=" " ind2=" "><subfield code="a">[cont. Tratado 2]:</subfield></datafield><datafield tag="501" ind1=" " ind2=" "><subfield code="a">Incipit: [بسملة وتصلية] قال رسول الله صلى الله عليه وسلم كل كلام لا يبدا فيه بحمد الله فهو اجزم فالحمد لله الملك الاعظم مظهر الموجودات بعد العدم وجاعل الانوار والظلم.</subfield></datafield><datafield tag="501" ind1=" " ind2=" "><subfield code="a">Explicit: علينا انك انت التواب الرحيم اللهم اجعلنا شاكرين لنمعتك مشنين بها قائليها واتممها علينا يا ارحم الراحمين.</subfield></datafield><datafield tag="501" ind1=" " ind2=" "><subfield code="a">[cont. Tratado 2]:</subfield></datafield><datafield tag="501" ind1=" " ind2=" "><subfield code="a">Colofón: كملت كتاب النجم بحمد الله وحسن عونه وصلى الله على محمد وعلى اله وسلم تسليما. كتاب النجم من كلام سيد العرب واالعجم محمد النبي المرسل المكرم صلى الله عليه وسلم مما جمع الفقيه الامام ابو العباس محمد بن معد بن عيسى بن وكيل النجيبي ثم الاقاشي رحمه الله.</subfield></datafield><datafield tag="501" ind1=" " ind2=" "><subfield code="a">[cont. Tratado 2]:</subfield></datafield><datafield tag="501" ind1=" " ind2=" "><subfield code="a">Un copista desconocido (mismo que RESC 54/3). -- Características especiales: Errata en el nombre del autor, el manuscrito dice al-Na¥ībī al-Uqašī, en lugar de al-Tugībī al-Uqlišī. -- Tipo de cuaderno: 2 cuadernos de 6 bifolios. -- Deterioros generales: Piel de la encuadernación comida por bichos. Mancha de humedad en todo el volumen. -- H. dañadas, mutiladas, sueltas: Dañadas: todas. Mutilada: 35. -- H. faltan o añadidas: Falta: 10. -- Foliación: 11-44, a lápiz en el margen superior derecho del verso. -- Pautado: No se aprecia. Distancia interlineal regular: 0,7-0,8cm. -- Filigrana: No. -- Signatura antigua: Junta 54. -- Anotaciones: f. 11r: “Basmallah”, “El libro del astro o estrella del faquí Abulabás Mohammed ben Maad ben Isa ben Guaquil el Nachibi=el Ocaxi (colección de jadices cortos de facil recordar-10 capitulos-) este autor escribio “El libro del meteoro brillante” del mismo orden, según declara en el prologo de este libro. Otro escribio con el titulo de “La luz de los espiritus”.</subfield></datafield><datafield tag="501" ind1=" " ind2=" "><subfield code="a">[Tratado 3]:</subfield></datafield><datafield tag="501" ind1=" " ind2=" "><subfield code="a">[Conjunto de juṭbas] / [sin aut.]. -- [S.l., s.a.]. -- 34 de 81 ff. (1 col. 15 líneas por pág.), 14,1x10 cm. (caja 11,3x7,8 cm.).</subfield></datafield><datafield tag="501" ind1=" " ind2=" "><subfield code="a">[cont. Tratado 3]:</subfield></datafield><datafield tag="501" ind1=" " ind2=" "><subfield code="a">Incipit: [بسملة وتصلية] خُطْبَةٌ رَجَبِيَّةٌ. اَلْحَمْدُ لله مُنْتَهَى اَلْحَمْدُ وَمُبْتَدَى الْمَجْدِ اَلْوَفِي بِالْعَهْدِ الصّادِقِ في الوَعْدِ الّذِي لَيْسَ لِمَا رَفَعَهُ خَافِظٌ .</subfield></datafield><datafield tag="501" ind1=" " ind2=" "><subfield code="a">Explicit: و قد روي عن رسول الله صعم انه قال من افطر عنده مومنا في يوم عاشورا فكانما افطر عنده امة محمد صعم ومن اشبع.</subfield></datafield><datafield tag="501" ind1=" " ind2=" "><subfield code="a">[cont. Tratado 3]:</subfield></datafield><datafield tag="501" ind1=" " ind2=" "><subfield code="a">Un copista desconocido (mismo que RESC 54/2). -- Colofón: No. -- Características especiales: Obra incompleta por el final, sin título ni autor. -- Tipo de cuaderno: 2 cuadernos de 5 bifolios, uno de 6, y 3 folios sueltos. -- Deterioros generales: Piel de la encuadernación comida por bichos. Mancha de humedad en todo el volumen. -- H. dañadas, mutiladas, sueltas: Dañadas: todas. Mutilada: 59. -- H. faltan o añadidas: No. -- Foliación: 45-81. A lápiz en el margen superior derecho del verso. -- Pautado: No se aprecia. Distancia interlineal: 0,7-0,9 cm. -- Filigrana: No. -- Signatura antigua: Junta 54. -- Anotaciones: f.48r: “Sermones y conferencias para ciertos meses y dias del año”.</subfield></datafield><datafield tag="510" ind1="3" ind2=" "><subfield code="a">Descripción y Bibliografía: J. Ribera y M. Asín (dirs.), Manuscritos árabes y aljamiados de la biblioteca de la Junta: noticia y extractos, Madrid: Junta para la ampliación de Estudios e Investigaciones Científicas, 1912, 195-199.</subfield></datafield><datafield tag="520" ind1="2" ind2=" "><subfield code="a">[Tratado 1]: Fragmento de una colección de sentencias morales y religiosas atribuidas a Muḥammad.</subfield></datafield><datafield tag="520" ind1="2" ind2=" "><subfield code="a">[Tratado 2]: Compendio de hadices de Abūʼl-ʽAbbās (a. Gaʽfar) A. Ma ʽadd b. ʽĪsà b. Wakīl al-Tugībī al-Uqlīšī titulado K. al-nagm min kalām saiyid al- ʽarab wal- ʽa gām (Brockelmann I, 456).</subfield></datafield><datafield tag="520" ind1="2" ind2=" "><subfield code="a">[Tratado 3]: Conjunto de sermones (juṭba) para predicarse en los meses indicados, seguidos de un capítulo con las excelencias del mes correspondiente.</subfield></datafield><datafield tag="530" ind1=" " ind2=" "><subfield code="a">Mª del P. Martínez Olmo, Colección de manuscritos árabes y aljamiados de la Biblioteca del Instituto de Filología del CSIC, Instituto de Filología CSIC, Madrid, 1998 (4 Cd-Rom), CD 4. -Instituto Miguel Asín de Estudios Arabes, Colección de manuscritos árabes y aljamiados, Microforma, Madrid: 1983-84, 25 rollos, Ms. 53-56.</subfield></datafield><datafield tag="541" ind1=" " ind2=" "><subfield code="a">Procedencia: Almonacid de la Sierra. Pablo Gil. Sección Árabe Centro de Estudios Históricos (JAE). Escuela de Estudios Árabes de Madrid. Instituto de Filología, CSIC.</subfield><subfield code="d">Ingreso: Junio de 1910.</subfield></datafield><datafield tag="546" ind1=" " ind2=" "><subfield code="a">Árabe</subfield><subfield code="b">con escritura magrebí</subfield></datafield><datafield tag="563" ind1=" " ind2=" "><subfield code="a">Se conserva la tapa delantera en piel sobre tabla con dos broches de metal.</subfield></datafield><datafield tag="595" ind1=" " ind2=" "><subfield code="a">No.</subfield></datafield><datafield tag="650" ind1=" " ind2="7"><subfield code="a">Manuscritos árabes.</subfield><subfield code="2">CSICAU</subfield></datafield><datafield tag="650" ind1=" " ind2="7"><subfield code="a">Manuscritos aljamiados.</subfield><subfield code="2">CSICAU</subfield></datafield><datafield tag="650" ind1=" " ind2="7"><subfield code="a">Islam.</subfield><subfield code="2">CSICAU</subfield></datafield><datafield tag="650" ind1=" " ind2="7"><subfield code="a">Refranes y proverbios árabes.</subfield><subfield code="2">CSICAU</subfield></datafield><datafield tag="650" ind1=" " ind2="7"><subfield code="a">Jutba</subfield><subfield code="2">CSICAU</subfield></datafield><datafield tag="700" ind1="1" ind2=" "><subfield code="a">Abū al- ʽAbbas Muḥammad b. Maʽad b.ʽAysà b. Wakīl al-Naŷibī zumma al-Uq āšī.</subfield></datafield><datafield tag="700" ind1="1" ind2=" "><subfield code="a">[Abūʼl-ʽAbbās (a. Gaʽfar) A. Ma ʽadd b. ʽĪsà b. Wakīl al-Tugībī al-Uqlīšī]</subfield></datafield><datafield tag="700" ind1="1" ind2=" "><subfield code="a">ابو العباس محمد بن معد بن عيسى بن وكيل النجيبي ثم الاقاشي</subfield></datafield><datafield tag="740" ind1="0" ind2=" "><subfield code="a">[Misceláneo de religión]</subfield></datafield><datafield tag="740" ind1="0" ind2=" "><subfield code="a">Kitāb al-naŷm min kalām sayyid al-ʽarab wa-l-ʽaŷm</subfield></datafield><datafield tag="740" ind1="0" ind2=" "><subfield code="a">كتاب النجم من كلام سيد العرب واالعجم</subfield></datafield><datafield tag="740" ind1="0" ind2=" "><subfield code="a">[Conjunto de juṭbas]</subfield></datafield><datafield tag="830" ind1=" " ind2="0"><subfield code="a">Manuscripta</subfield></datafield><datafield tag="856" ind1="4" ind2="1"><subfield code="u">http://aleph.csic.es/imagenes/mad01/0006_PMSC/P_001227709_651279_V00.pdf</subfield><subfield code="z">Descargar Pdf completo (14M)</subfield><subfield code="m">CSIC</subfield></datafield><datafield tag="856" ind1="4" ind2="1"><subfield code="u">http://simurg.bibliotecas.csic.es/viewer/image/CSIC001227709/1/</subfield><subfield code="z">Ver texto completo en SIMURG, el portal de fondos digitalizados del CSIC</subfield><subfield code="m">CSIC</subfield></datafield><datafield tag="856" ind1="4" ind2="1"><subfield code="u">http://aleph.csic.es/imagenes/mad01/0006_PMSC/html/001227709.html</subfield><subfield code="z">Ver texto completo en Bookreader</subfield></datafield></record></metadata></record>